<?xml version="1.0" encoding="UTF-8"?><collection xmlns="http://www.loc.gov/MARC21/slim"><record><leader>00507nam--2200181-i-4500</leader><controlfield tag="001">000018447</controlfield><controlfield tag="002">20161230</controlfield><controlfield tag="005">20161230201032</controlfield><controlfield tag="008">060222s1000------------r-----000-0-fre-d</controlfield><datafield ind1=" " ind2=" " tag="040"><subfield code="a">IFIN-HH</subfield></datafield><datafield ind1=" " ind2=" " tag="041"><subfield code="a">fre</subfield></datafield><datafield ind1=" " ind2=" " tag="080"><subfield code="a">538.56</subfield></datafield><datafield ind1="1" ind2=" " tag="100"><subfield code="a">Dubois, Emmanuel</subfield></datafield><datafield ind1="1" ind2="0" tag="245"><subfield code="a">Electromagnetisme</subfield><subfield code="b">Volume iii. champs et courants variables. ondes electromagnetiques</subfield><subfield code="c">Emmanuel dubois</subfield></datafield><datafield ind1=" " ind2=" " tag="260"><subfield code="a">Paris</subfield><subfield code="b">Librairie Delagrave</subfield><subfield code="c">1959</subfield></datafield><datafield ind1=" " ind2=" " tag="300"><subfield code="a">654P</subfield></datafield><datafield ind1=" " ind2=" " tag="852"><subfield code="a">11896</subfield><subfield code="c">537:538</subfield></datafield><datafield ind1=" " ind2=" " tag="CAT"><subfield code="a">Sys</subfield><subfield code="c">20110608</subfield><subfield code="h">140127</subfield></datafield></record></collection>